@article{Source1,
author = {Sinclair, Christine},
year = {2015},
month = {01},
pages = {},
title = {Students’ perspectives on academic writing in the digital age},
volume = {59},
journal = {TechTrends},
doi = {10.1007/s11528-014-0819-5}
}

@article{Source2,
author = {Chrdileli, Tetiana and Shulzhenko, Yuliia},
year = {2021},
month = {09},
title = {Teaching Electrical Engineering Students the Skill of Academic Essay Writing in the Context of Scientific Discourse},
doi = {10.1109/MEES52427.2021.9598705}
}
  
@article{Source3,
author = {Kojima, Takako and Popiel, Helena},
year = {2023},
month = {12},
title = {Correct Use of Articles and Prepositions in Academic Writing: Advice for Non-Native English-Speaking Researchers},
volume = {38},
journal = {Journal of Korean Medical Science},
doi = {10.3346/jkms.2023.38.e417}
}

@article{Source4,
author = {Warlizasusi, Jumira and Ifnaldi, Ifnaldi and Nuzuar, Nuzuar and Qodri, Ahmad and Utami, Henny},
year = {2023},
month = {12},
title = {Developing Academic Writing Learning Module to Improve Writing Skills of Graduate Program Students},
volume = {26},
journal = {Ta'dib},
doi = {10.31958/jt.v26i2.10496}
}

@article{Source5,
author = {McGrath, Lisa and Donaghue, Helen and Negretti, Raffaella},
year = {2023},
month = {12},
title = {Embedding students’ academic writing development in early-career disciplinary lecturers’ practice},
volume = {17}
}

@article{Source6,
author = {Warnock, Scott and Kahn, Michael},
year = {2007},
month = {04},
title = {Expressive/Exploratory Technical Writing (XTW) in Engineering: Shifting the Technical Writing Curriculum},
volume = {37},
journal = {Journal of Technical Writing and Communication},
doi = {10.2190/9127-P120-R277-0812}
}

@article{Source7,
author = {Winsor, Dorothy},
year = {1994},
month = {04},
title = {Invention and Writing in Technical Work},
volume = {11},
journal = {Written Communication},
doi = {10.1177/0741088394011002003}
}